<?xml version="1.0" encoding="UTF-8"?><record xmlns="http://www.loc.gov/MARC21/slim" xmlns:cinclude="http://apache.org/cocoon/include/1.0" xmlns:zs="http://www.loc.gov/zing/srw/">
  <leader>00582cz  a2200157n  4500</leader>
  <controlfield tag="001">n  92032129 </controlfield>
  <controlfield tag="003">DLC</controlfield>
  <controlfield tag="005">20130313094414.0</controlfield>
  <controlfield tag="008">920323n| azannaabn          |a aaa      </controlfield>
  <datafield tag="010" ind1=" " ind2=" ">
    <subfield code="a">n  92032129 </subfield>
  </datafield>
  <datafield tag="035" ind1=" " ind2=" ">
    <subfield code="a">(OCoLC)oca03136349</subfield>
  </datafield>
  <datafield tag="040" ind1=" " ind2=" ">
    <subfield code="a">DLC</subfield>
    <subfield code="b">eng</subfield>
    <subfield code="e">rda</subfield>
    <subfield code="c">DLC</subfield>
    <subfield code="d">DLC</subfield>
    <subfield code="d">OCoLC</subfield>
    <subfield code="d">DLC</subfield>
  </datafield>
  <datafield tag="100" ind1="1" ind2=" ">
    <subfield code="a">Iglesia Alvariño, Aquilino,</subfield>
    <subfield code="d">1909-1961.</subfield>
    <subfield code="t">Poems.</subfield>
    <subfield code="k">Selections.</subfield>
    <subfield code="l">Galician</subfield>
  </datafield>
  <datafield tag="400" ind1="1" ind2=" ">
    <subfield code="w">nnea</subfield>
    <subfield code="a">Iglesia Alvariño, Aquilino,</subfield>
    <subfield code="d">1909-1961.</subfield>
    <subfield code="t">Poems.</subfield>
    <subfield code="l">Galician.</subfield>
    <subfield code="k">Selections</subfield>
  </datafield>
  <datafield tag="400" ind1="1" ind2=" ">
    <subfield code="a">Iglesia Alvariño, Aquilino,</subfield>
    <subfield code="d">1909-1961.</subfield>
    <subfield code="t">Poesia galega completa</subfield>
  </datafield>
  <datafield tag="670" ind1=" " ind2=" ">
    <subfield code="a">His Poesia galega completa, c1986.</subfield>
  </datafield>
</record>